@article{zbMATH07319426,
 author = {Ria{\~n}o, Oscar G.},
 title = {Well-posedness for a two-dimensional dispersive model arising from capillary-gravity flows},
 fjournal = {Journal of Differential Equations},
 journal = {J. Differ. Equations},
 issn = {0022-0396},
 volume = {280},
 pages = {1--65},
 year = {2021},
 language = {English},
 doi = {10.1016/j.jde.2021.01.021},
 keywords = {35Q35,76B15,76B45,35A01,35A02},
 zbMATH = {7319426},
 Zbl = {1459.35318}
}
@book {MR1800316,
    AUTHOR = {Duoandikoetxea, Javier},
     TITLE = {Fourier analysis},
    SERIES = {Graduate Studies in Mathematics},
    VOLUME = {29},
      NOTE = {Translated and revised from the 1995 Spanish original by David
              Cruz-Uribe},
 PUBLISHER = {American Mathematical Society, Providence, RI},
      YEAR = {2001},
     PAGES = {xviii+222},
      ISBN = {0-8218-2172-5},
   MRCLASS = {42-01},
  MRNUMBER = {1800316},
MRREVIEWER = {Loukas\ Grafakos},
       DOI = {10.1090/gsm/029},
       URL = {https://doi.org/10.1090/gsm/029},
}

@book {MR3308874,
    AUTHOR = {Linares, Felipe and Ponce, Gustavo},
     TITLE = {Introduction to nonlinear dispersive equations},
    SERIES = {Universitext},
   EDITION = {Second},
 PUBLISHER = {Springer, New York},
      YEAR = {2015},
     PAGES = {xiv+301},
      ISBN = {978-1-4939-2180-5},
   MRCLASS = {35-01 (35B30 35Q53 35Q55 47F05 47G30)},
  MRNUMBER = {3308874},
       DOI = {10.1007/978-1-4939-2181-2},
       URL = {https://doi.org/10.1007/978-1-4939-2181-2},
}

@book{zbMATH00447275,
 author = {Stein, Elias M.},
 title = {Harmonic analysis: {Real}-variable methods, orthogonality, and oscillatory integrals. {With} the assistance of {Timothy} {S}. {Murphy}},
 fseries = {Princeton Mathematical Series},
 series = {Princeton Math. Ser.},
 volume = {43},
 isbn = {0-691-03216-5},
 year = {1993},
 publisher = {Princeton, NJ: Princeton University Press},
 language = {English},
 keywords = {42-02,43-02,42B10,42B20,42B25,42B30},
 zbMATH = {447275},
 Zbl = {0821.42001}
}

@book {MR3243734,
    AUTHOR = {Grafakos, Loukas},
     TITLE = {Classical {F}ourier analysis},
    SERIES = {Graduate Texts in Mathematics},
    VOLUME = {249},
   EDITION = {Third},
 PUBLISHER = {Springer, New York},
      YEAR = {2014},
     PAGES = {xviii+638},
      ISBN = {978-1-4939-1193-6},
   MRCLASS = {42-01 (42Bxx)},
  MRNUMBER = {3243734},
MRREVIEWER = {Atanas\ G.\ Stefanov},
       DOI = {10.1007/978-1-4939-1194-3},
       URL = {https://doi.org/10.1007/978-1-4939-1194-3},
}
 w
