@article{Datta2022,
  author    = {K. B. Datta and S. Datta},
  title     = {Application of Zernike polynomials in solving certain first and second order partial differential equations},
  journal   = {arXiv preprint},
  year      = {2022},
  volume    = {2207.07380v1},
  archivePrefix = {arXiv},
  eprint    = {2207.07380},
  primaryClass = {math.AP},
  url       = {http://arxiv.org/abs/2207.07380v1}
}

