@book{book:5979,
   title =     {Partial Differential Equations},
   author =    {Lawrence C. Evans},
   publisher = {American Mathematical Society},
   isbn =      {9780821807729,0821807722},
   year =      {1998},
   series =    {Graduate Studies in Mathematics, V. 19 GSM/19},
   edition =   {},
   volume =    {},
   url =       {http://gen.lib.rus.ec/book/index.php?md5=6d9df85a10396346d4cd5261dee06ac4}
}
