@article{Kolmogorov1926,
  author    = {Kolmogoroff, A.},
  title     = {Une s√©rie de Fourier-Lebesgue divergente partout},
  journal   = {C. R. Acad. Sci. Paris},
  volume    = {183},
  year      = {1926},
  pages     = {1327--1328}
}

