@book {MR2597943,
    AUTHOR = {Suárez Moreno Mara Paulina, Burden Annette M., Douglas Faires J, Burden Richard L.},
     TITLE = {Análisis numérico},
    SERIES = {},
    VOLUME = {},
   EDITION = {decima},
 PUBLISHER = {Cengage Learning México},
      YEAR = {2017},
     PAGES = {xii, 579 p.},
      ISBN = {978-6-07-526404-2},
}
