@book {MR2597943,
    AUTHOR = {Evans, Lawrence C.},
     TITLE = {Partial differential equations},
    SERIES = {Graduate Studies in Mathematics},
    VOLUME = {19},
   EDITION = {Second},
 PUBLISHER = {American Mathematical Society, Providence, RI},
      YEAR = {2010},
     PAGES = {xxii+749},
      ISBN = {978-0-8218-4974-3},
   MRCLASS = {35-01},
  MRNUMBER = {2597943},
MRREVIEWER = {Diego\ M.\ Maldonado},
       DOI = {10.1090/gsm/019},
       URL = {https://doi.org/10.1090/gsm/019},
}

@book {MR1800316,
    AUTHOR = {Duoandikoetxea, Javier},
     TITLE = {Fourier analysis},
    SERIES = {Graduate Studies in Mathematics},
    VOLUME = {29},
      NOTE = {Translated and revised from the 1995 Spanish original by David
              Cruz-Uribe},
 PUBLISHER = {American Mathematical Society, Providence, RI},
      YEAR = {2001},
     PAGES = {xviii+222},
      ISBN = {0-8218-2172-5},
   MRCLASS = {42-01},
  MRNUMBER = {1800316},
MRREVIEWER = {Loukas\ Grafakos},
       DOI = {10.1090/gsm/029},
       URL = {https://doi.org/10.1090/gsm/029},
}

@book {MR3308874,
    AUTHOR = {Linares, Felipe and Ponce, Gustavo},
     TITLE = {Introduction to nonlinear dispersive equations},
    SERIES = {Universitext},
   EDITION = {Second},
 PUBLISHER = {Springer, New York},
      YEAR = {2015},
     PAGES = {xiv+301},
      ISBN = {978-1-4939-2180-5},
   MRCLASS = {35-01 (35B30 35Q53 35Q55 47F05 47G30)},
  MRNUMBER = {3308874},
       DOI = {10.1007/978-1-4939-2181-2},
       URL = {https://doi.org/10.1007/978-1-4939-2181-2},
}

@article {MR1469106,
    AUTHOR = {Kinnunen, Juha},
     TITLE = {The {H}ardy-{L}ittlewood maximal function of a {S}obolev
              function},
   JOURNAL = {Israel J. Math.},
  FJOURNAL = {Israel Journal of Mathematics},
    VOLUME = {100},
      YEAR = {1997},
     PAGES = {117--124},
      ISSN = {0021-2172,1565-8511},
   MRCLASS = {30C65},
  MRNUMBER = {1469106},
MRREVIEWER = {Jeremy\ T.\ Tyson},
       DOI = {10.1007/BF02773636},
       URL = {https://doi.org/10.1007/BF02773636},
}

@article{CarneiroBenar2013,
 author = {Carneiro, Emanuel and Svaiter, Benar F.},
 title = {On the variation of maximal operators of convolution type},
 fjournal = {Journal of Functional Analysis},
 journal = {J. Funct. Anal.},
 issn = {0022-1236},
 volume = {265},
 number = {5},
 pages = {837--865},
 year = {2013},
 language = {English},
 doi = {10.1016/j.jfa.2013.05.012},
 keywords = {42B25,46E35},
 zbMATH = {6261787},
 Zbl = {1317.42017}
}

@article{CarneiroFinderSousa2018,
 author = {Carneiro, Emanuel and Finder, Renan and Sousa, Mateus},
 title = {On the variation of maximal operators of convolution type {II}},
 fjournal = {Revista Matem{\'a}tica Iberoamericana},
 journal = {Rev. Mat. Iberoam.},
 issn = {0213-2230},
 volume = {34},
 number = {2},
 pages = {739--766},
 year = {2018},
 language = {English},
 doi = {10.4171/RMI/1002},
 keywords = {42B25,46E35,35B50,35J05,35K08},
 zbMATH = {6897384},
 Zbl = {1393.42019}
}

@book{Mazya2009,
 editor = {Maz'ya, Vladimir},
 title = {Sobolev spaces in mathematics. {I}: {Sobolev} type inequalities},
 fseries = {International Mathematical Series (New York)},
 series = {Int. Math. Ser., N.Y.},
 issn = {1571-5485},
 volume = {8},
 isbn = {978-0-387-85647-6; 978-5-901873-24-3; 978-0-387-85648-3; 978-0-387-85791-6},
 year = {2009},
 publisher = {New York, NY: Springer; Novosibirsk: Tamara Rozhkovskaya Publisher},
 language = {English},
 doi = {10.1007/978-0-387-85648-3},
 keywords = {46-06,47-06,00B15},
 zbMATH = {5317172},
 Zbl = {1152.46002}
}
