@Book{zbMATH05294798,
 Author = {Grafakos, Loukas},
 Title = {Classical {Fourier} analysis},
 Edition = {2nd ed.},
 FSeries = {Graduate Texts in Mathematics},
 Series = {Grad. Texts Math.},
 ISSN = {0072-5285},
 Volume = {249},
 ISBN = {978-0-387-09431-1},
 Year = {2008},
 Publisher = {New York, NY: Springer},
 Language = {English},
 DOI = {10.1007/978-0-387-09432-8},
 Keywords = {42-01,42Bxx},
 zbMATH = {5294798},
 Zbl = {1220.42001}
}
