@book{kolman2006algebra,
  title={{\'A}lgebra lineal},
  author={Kolman, Bernard and Hill, David R},
  year={2006},
  publisher={Pearson Educaci{\'o}n}
}
