@online{Bib01,
    author    = "Su, F. E.",
    title     = "The Banach-Tarski Paradox. Harvard University",
    year      = "1990",
    url       = {https://cutt.ly/eJMzk6Z}
}
@book{hrbacek1999introduction,
  title={Introduction to set theory, revised and expanded},
  author={Hrbacek, Karel and Jech, Thomas},
  year={1999},
  publisher={Crc Press}
}
@online{Bib02,
    author    = "Acevedo, D.",
    title     = "El teorema de Banach-Tarski",
    year      = "2018",
    url       = {https://cutt.ly/EJ8W1Bc}
}
@book{wagon_1985, place={Cambridge}, 
	series={Encyclopedia of Mathematics and its Applications}, 
	title={The Banach-Tarski Paradox}, 
	DOI={10.1017/CBO9780511609596}, 
	publisher={Cambridge University Press}, 
	author={Wagon, Stan}, 
	year={1985}, 
	collection={Encyclopedia of Mathematics and its Applications}}