@article{Datta2022,
  author    = {K. B. Datta and S. Datta},
  title     = {Application of Zernike polynomials in solving certain first and second order partial differential equations},
  journal   = {arXiv preprint},
  volume    = {2207.07380v1},
  year      = {2022},
  month     = {July},
  archivePrefix = {arXiv},
  eprint    = {2207.07380},
  primaryClass = {math.AP},
  url       = {http://arxiv.org/abs/2207.07380v1}
}
@book{book:1312465,
    AUTHOR = {Linares, Felipe and Ponce, Gustavo},
     TITLE = {Introduction to nonlinear dispersive equations},
    SERIES = {Universitext},
   EDITION = {Second},
 PUBLISHER = {Springer, New York},
      YEAR = {2015},
     PAGES = {xiv+301},
      ISBN = {978-1-4939-2180-5; 978-1-4939-2181-2},
   MRCLASS = {35-01 (35B30 35Q53 35Q55 47F05 47G30)},
  MRNUMBER = {3308874},
       DOI = {10.1007/978-1-4939-2181-2},
       URL = {https://doi.org/10.1007/978-1-4939-2181-2},
}
@book{book:5581,
	title =     {Complex analysis},
	author =    {Joseph Bak, Donald J. Newman},
	publisher = {Springer},
	isbn =      {9780387947563,0387947566},
	year =      {1997},
	series =    {Undergraduate texts in mathematics},
	edition =   {2nd ed},
	volume =    {},
	url =       {http://gen.lib.rus.ec/book/index.php?md5=eddb11c72dc73e6414bd4304e6f392ca}
}
@book{MR2597943,
    AUTHOR = {Evans, Lawrence C.},
     TITLE = {Partial differential equations},
    SERIES = {Graduate Studies in Mathematics},
    VOLUME = {19},
   EDITION = {Second},
 PUBLISHER = {American Mathematical Society, Providence, RI},
      YEAR = {2010},
     PAGES = {xxii+749},
      ISBN = {978-0-8218-4974-3},
   MRCLASS = {35-01},
  MRNUMBER = {2597943},
MRREVIEWER = {Diego\ M.\ Maldonado},
       DOI = {10.1090/gsm/019},
       URL = {https://doi.org/10.1090/gsm/019},
}
@book{MR2129625,
    AUTHOR = {Stein, Elias M. and Shakarchi, Rami},
     TITLE = {Real analysis},
    SERIES = {Princeton Lectures in Analysis},
    VOLUME = {3},
      NOTE = {Measure theory, integration, and Hilbert spaces},
 PUBLISHER = {Princeton University Press, Princeton, NJ},
      YEAR = {2005},
     PAGES = {xx+402},
      ISBN = {0-691-11386-6},
   MRCLASS = {28B15 (00-01 26-01 26A03 26A09 28-01 46-01 47-01)},
  MRNUMBER = {2129625},
MRREVIEWER = {Steven\ George\ Krantz},
}
@book{MR1800316,
    AUTHOR = {Duoandikoetxea, Javier},
     TITLE = {Fourier analysis},
    SERIES = {Graduate Studies in Mathematics},
    VOLUME = {29},
      NOTE = {Translated and revised from the 1995 Spanish original by David
              Cruz-Uribe},
 PUBLISHER = {American Mathematical Society, Providence, RI},
      YEAR = {2001},
     PAGES = {xviii+222},
      ISBN = {0-8218-2172-5},
   MRCLASS = {42-01},
  MRNUMBER = {1800316},
MRREVIEWER = {Loukas\ Grafakos},
       DOI = {10.1090/gsm/029},
       URL = {https://doi.org/10.1090/gsm/029},
}
@book{brezis2011functional,
  title={Functional analysis, Sobolev spaces and partial differential equations},
  author={Brezis, Haim},
  volume={2},
  number={3},
  year={2011},
  publisher={Springer}
}
